@online{Bootstrap,
    author    = "Twitter",
    title     = "Bootstrap",
    url       = "http://getbootstrap.com/",
    year      = 2015
}

@online{AngularJS,
    author    = "Google",
    title     = "Angular",
    url       = "https://angularjs.org/",
    year      = 2015
}

@online{webapi2,
    author    = "Microsoft",
    title     = "Web API 2",
    url       = "https://msdn.microsoft.com/en-us/library/dn448365(v=vs.118).aspx",
    year      = 2015
}


@online{entityframework,
    author    = "Microsoft",
    title     = "Entity Framework",
    url       = "https://msdn.microsoft.com/en-us/data/ef.aspx",
    year      = 2015
}

@online{azure,
    author    = "Microsoft",
    title     = "Azure",
    url       = "http://azure.microsoft.com/en-us/",
    year      = 2015
}

@online{mvc5,
    author    = "Microsoft",
    title     = "MVC framework 5",
    url       = "http://www.asp.net/mvc/mvc5",
    year      = 2015
}

@online{tidlig-indsats,
    author    = "Ministeriet for BÃ¸rn, Ligestilling, Integration og Sociale Forhold",
    title     = "Tidlig indsats - Livslang effekt",
    url       = "http://sm.dk/arbejdsomrader/udsatte-born-og-unge/initiativer/forebyggelsespakken",
    year      = 2015,
    month     = 06,
    day       = 21
}

@online{json,
    author    = "ECMA",
    title     = "JSON",
    url       = "http://json.org/",
    year      = 2015,
    month     = 06,
    day       = 24
}

@online{json.net,
    author    = "Newtonsoft",
    title     = "JSON.NET",
    url       = "http://www.newtonsoft.com/json",
    year      = 2015,
    month     = 06,
    day       = 24
}

@online{EG,
    author    = "EG A/S",
    url       = "http://eg.dk/",
    year      = 2015,
    month     = 06,
    day       = 27
}

@online{blobstorage,
    author    = "Tamra Myers",
    title     = "How to use Blob storage from .NET",
    url       = "https://azure.microsoft.com/en-us/documentation/articles/storage-dotnet-how-to-use-blobs/",
    year      = 2015,
    month     = 06,
    day       = 15
}

@online{azure_queue,
    author    = "Valery Mizonov, and Seth Manheim, and Abhishek Lal",
    title     = "Azure Queues and Service Bus Queues - Compared and Contrasted",
    url       = "https://msdn.microsoft.com/en-us/library/azure/hh767287.aspx",
    year      = 2015,
    month     = 03,
    day       = 11
}

@online{sendgrid,
    author    = "SendGrid",
    url       = "https://sendgrid.com/",
    year      = 2015,
    month     = 07,
    day       = 05
}

@online{lodash,
    author    = "lodash",
    url       = "https://lodash.com/",
    year      = 2015,
    month     = 07,
    day       = 05
}

@online{LINQ,
    author    = "LINQ",
    url       = "https://msdn.microsoft.com/en-us/library/bb397926.aspx",
    year      = 2015,
    month     = 07,
    day       = 05
}
