@online{Bootstrap,
    author    = "Twitter",
    title     = "Bootstrap",
    url       = "http://getbootstrap.com/",
    year      = 2015
}

@online{IT-minds,
  author      = "IT-minds",
  title       = "IT-minds",
  url         = "http://it-minds.dk/",
  urldate     = {2016-01-24}
}
